<?xml version="1.0" encoding="UTF-8"?><collection xmlns="http://www.loc.gov/MARC21/slim"><record><leader>00577nam--2200193-i-4500</leader><controlfield tag="001">000013927</controlfield><controlfield tag="002">20161230</controlfield><controlfield tag="005">20161230201030</controlfield><controlfield tag="008">060222s1000------------r-----000-0-ger-d</controlfield><datafield ind1=" " ind2=" " tag="040"><subfield code="a">IFIN-HH</subfield></datafield><datafield ind1=" " ind2=" " tag="041"><subfield code="a">ger</subfield></datafield><datafield ind1=" " ind2=" " tag="080"><subfield code="a">538.95:538.97</subfield></datafield><datafield ind1="1" ind2=" " tag="100"><subfield code="a">Brummer, O./S.A.</subfield></datafield><datafield ind1="1" ind2="0" tag="245"><subfield code="a">Festkorperanalyse mit elektronen, ionn und rontgenstrahlen</subfield><subfield code="c">O. brummer, j. heydenreich, k.h. krebs, h.g. schneider</subfield></datafield><datafield ind1=" " ind2=" " tag="260"><subfield code="a">Berlin</subfield><subfield code="b">Veb Deutscher Verlag Der Wissenschaften</subfield><subfield code="c">1980</subfield></datafield><datafield ind1=" " ind2=" " tag="300"><subfield code="a">432 P</subfield></datafield><datafield ind1="1" ind2=" " tag="700"><subfield code="a">Schneider, H.G</subfield></datafield><datafield ind1=" " ind2=" " tag="852"><subfield code="a">49312</subfield><subfield code="c">539.2</subfield></datafield><datafield ind1=" " ind2=" " tag="CAT"><subfield code="a">Sys</subfield><subfield code="c">20121101</subfield><subfield code="h">140513</subfield></datafield></record></collection>